<record><leader>00000cas a2200000 i 4500</leader><controlfield tag="001">10552245</controlfield><controlfield tag="008">840322d18391848vtuwr ne      0    0eng c</controlfield><datafield ind1=" " ind2=" " tag="010"><subfield code="a">sn 84022687 </subfield><subfield code="z">sn 84027704 </subfield></datafield><datafield ind1=" " ind2=" " tag="040"><subfield code="a">NPX</subfield><subfield code="b">eng</subfield><subfield code="e">rda</subfield><subfield code="c">NPX</subfield><subfield code="d">NPU</subfield><subfield code="d">MGN</subfield><subfield code="d">NYS</subfield><subfield code="d">NVN</subfield><subfield code="d">OCL</subfield><subfield code="d">OCLCQ</subfield><subfield code="d">NVN</subfield></datafield><datafield ind1=" " ind2=" " tag="019"><subfield code="a">11454653</subfield></datafield><datafield ind1="1" ind2=" " tag="029"><subfield code="a">AU@</subfield><subfield code="b">000003297217</subfield></datafield><datafield ind1=" " ind2=" " tag="042"><subfield code="a">pcc</subfield></datafield><datafield ind1=" " ind2=" " tag="043"><subfield code="a">n-us-vt</subfield></datafield><datafield ind1="0" ind2=" " tag="130"><subfield code="a">Voice of freedom (Montpelier, Vt.)</subfield></datafield><datafield ind1="1" ind2="4" tag="245"><subfield code="a">The Voice of freedom.</subfield></datafield><datafield ind1="1" ind2="3" tag="246"><subfield code="a">Voice</subfield></datafield><datafield ind1="0" ind2=" " tag="246"><subfield code="i">Issues for &lt;1843&gt;-1848 have title:</subfield><subfield code="a">Voice of freedom</subfield></datafield><datafield ind1=" " ind2="1" tag="264"><subfield code="3">&lt;1839-&gt; :</subfield><subfield code="a">Montpelier, Vt. :</subfield><subfield code="b">Allen &amp; Poland</subfield></datafield><datafield ind1="3" ind2="1" tag="264"><subfield code="3">&lt;1843&gt;-1848 :</subfield><subfield code="a">Brandon, Vt. :</subfield><subfield code="b">J. Holcomb</subfield></datafield><datafield ind1=" " ind2=" " tag="300"><subfield code="a">volumes ;</subfield><subfield code="c">55-58 cm</subfield></datafield><datafield ind1=" " ind2=" " tag="310"><subfield code="a">Weekly</subfield></datafield><datafield ind1=" " ind2=" " tag="336"><subfield code="a">text</subfield><subfield code="b">txt</subfield><subfield code="2">rdacontent</subfield></datafield><datafield ind1=" " ind2=" " tag="337"><subfield code="a">unmediated</subfield><subfield code="b">n</subfield><subfield code="2">rdamedia</subfield></datafield><datafield ind1=" " ind2=" " tag="338"><subfield code="a">volume</subfield><subfield code="b">nc</subfield><subfield code="2">rdacarrier</subfield></datafield><datafield ind1="1" ind2=" " tag="362"><subfield code="a">Began January 5, 1839; ceased with volume 10, number 11 (August 30, 1848).</subfield></datafield><datafield ind1=" " ind2=" " tag="500"><subfield code="a">Editors: C.L. Knapp, &lt;1839-1841&gt;; C.C. Burleigh &lt;June 1842&gt;-June 27, 1843; J. Holcomb &lt;June 29, 1843&gt;-1848.</subfield></datafield><datafield ind1=" " ind2=" " tag="500"><subfield code="a">Publishers: J. Holcomb &lt;June 29, 1843&gt;-1848; W.C. Conant, 1848.</subfield></datafield><datafield ind1=" " ind2=" " tag="500"><subfield code="a">"Published under the sanction of the Vermont Anti-Slavery Society," masthead, &lt;January 19, 1839-December 28, 1839&gt;</subfield></datafield><datafield ind1=" " ind2=" " tag="500"><subfield code="a">"The inviolability of individual rights is the only security of public liberty," masthead, &lt;June 29, 1843&gt;-October 21, 1847.</subfield></datafield><datafield ind1=" " ind2=" " tag="500"><subfield code="a">Anti-slavery. Cf. Child, H. Gazetteer ... of Rutland, Vt.</subfield></datafield><datafield ind1=" " ind2=" " tag="588"><subfield code="a">Description based on: Volume 1, number 3 (January 19, 1839).</subfield></datafield><datafield ind1=" " ind2=" " tag="588"><subfield code="a">Latest issue consulted: Volume 10, number 11 (August 30, 1848).</subfield></datafield><datafield ind1=" " ind2="0" tag="650"><subfield code="a">Antislavery movements</subfield><subfield code="z">Vermont</subfield><subfield code="v">Newspapers.</subfield></datafield><datafield ind1=" " ind2="0" tag="651"><subfield code="a">Montpelier (Vt.)</subfield><subfield code="v">Newspapers.</subfield></datafield><datafield ind1=" " ind2="0" tag="651"><subfield code="a">Brandon (Vt.)</subfield><subfield code="v">Newspapers.</subfield></datafield><datafield ind1=" " ind2="0" tag="651"><subfield code="a">Vermont</subfield><subfield code="v">Newspapers.</subfield></datafield><datafield ind1="1" ind2=" " tag="700"><subfield code="a">Knapp, Chauncey L.,</subfield><subfield code="e">editor.</subfield></datafield><datafield ind1="1" ind2=" " tag="700"><subfield code="a">Burleigh, Charles C.</subfield><subfield code="q">(Charles Calistus),</subfield><subfield code="d">1810-1878,</subfield><subfield code="e">editor.</subfield></datafield><datafield ind1="1" ind2=" " tag="700"><subfield code="a">Holcomb, Jedidiah,</subfield><subfield code="e">editor.</subfield></datafield><datafield ind1="2" ind2=" " tag="710"><subfield code="a">Vermont Anti-Slavery Society,</subfield><subfield code="e">issuing body</subfield></datafield><datafield ind1=" " ind2=" " tag="752"><subfield code="a">United States</subfield><subfield code="b">Vermont</subfield><subfield code="c">Washington</subfield><subfield code="d">Montpelier.</subfield></datafield><datafield ind1=" " ind2=" " tag="752"><subfield code="a">United States</subfield><subfield code="b">Vermont</subfield><subfield code="c">Rutland</subfield><subfield code="d">Brandon.</subfield></datafield><datafield ind1="0" ind2="0" tag="785"><subfield code="t">Vermont union whig</subfield><subfield code="w">(DLC)sn 84022417</subfield><subfield code="w">(OCoLC)10389361</subfield></datafield></record>